%% This BibTeX bibliography file was created using BibDesk.
%% http://bibdesk.sourceforge.net/


%% Created for Eivind Lindbr√•ten at 2015-05-04 20:00:10 +0200 


%% Saved with string encoding Unicode (UTF-8) 



@misc{wiki-homo,
	Author = {Wikipedia},
	Date-Added = {2015-05-04 17:27:29 +0000},
	Date-Modified = {2015-05-04 17:27:48 +0000},
	Howpublished = {\url{http://id.wikipedia.org/wiki/Homograf}},
	Month = {Juni},
	Title = {Homograf},
	Year = {2014}}

@misc{wiki-leksem,
	Author = {Wikipedia},
	Date-Added = {2015-05-04 17:22:05 +0000},
	Date-Modified = {2015-05-04 17:22:23 +0000},
	Howpublished = {\url{http://no.wikipedia.org/wiki/Leksem}},
	Month = {Mars},
	Title = {Leksem},
	Year = {2013}}

@book{bringhurst1999elements,
	Author = {Bringhurst, Robert},
	Date-Added = {2015-05-01 12:17:24 +0000},
	Date-Modified = {2015-05-01 12:17:24 +0000},
	Publisher = {Hartley \& Marks Vancouver},
	Title = {The elements of typographic style},
	Year = {1999}}

@article{sojka1995hyphenation,
	Author = {Sojka, Petr and {\v{S}}evecek, Pavel},
	Date-Added = {2015-05-01 04:46:52 +0000},
	Date-Modified = {2015-05-01 04:49:34 +0000},
	Journal = {TUGboat},
	Number = {3},
	Pages = {280--289},
	Publisher = {Citeseer},
	Title = {Hyphenation in TeX---Quo Vadis?},
	Volume = {16},
	Year = {1995}}

@misc{wiki-memo,
	Author = {Wikipedia},
	Date-Added = {2015-04-29 18:25:17 +0000},
	Date-Modified = {2015-04-29 18:25:39 +0000},
	Howpublished = {\url{http://en.wikipedia.org/wiki/Memoization}},
	Month = {Februar},
	Title = {Memoization},
	Year = {2015}}

@misc{wiki-ruby,
	Author = {Wikipedia},
	Date-Added = {2015-04-29 17:59:42 +0000},
	Date-Modified = {2015-04-30 23:04:58 +0000},
	Howpublished = {\url{http://en.wikipedia.org/wiki/Ruby\_\%28programming\_language\%29}},
	Month = {April},
	Title = {Ruby (programming language)},
	Year = {2015}}

@misc{eng-aftenposten,
	Author = {Jan Engh},
	Date-Added = {2015-04-28 20:28:41 +0000},
	Date-Modified = {2015-04-28 20:30:30 +0000},
	Howpublished = {E-post},
	Month = {Desember},
	Title = {Re: P{\aa} jakt etter ordliste med delepunkter},
	Year = {2014}}

@misc{wiki-bestemthet,
	Author = {Wikipedia},
	Date-Added = {2015-04-28 16:13:57 +0000},
	Date-Modified = {2015-05-04 17:47:52 +0000},
	Howpublished = {\url{http://no.wikipedia.org/wiki/Bestemthet}},
	Month = {April},
	Title = {Bestemthet},
	Url = {http://no.wikipedia.org/wiki/Bestemthet},
	Year = {2013},
	Bdsk-Url-1 = {http://no.wikipedia.org/wiki/Bestemthet}}

@misc{wiki-tex,
	Author = {Wikipedia},
	Date-Added = {2015-04-25 21:12:21 +0000},
	Date-Modified = {2015-05-04 17:46:56 +0000},
	Howpublished = {\url{http://en.wikipedia.org/wiki/TeX}},
	Lastchecked = {25.04.2015},
	Month = {April},
	Title = {TeX},
	Url = {http://en.wikipedia.org/wiki/TeX},
	Year = {2015},
	Bdsk-Url-1 = {http://en.wikipedia.org/wiki/TeX}}

@book{goodrich2014data,
	Author = {Goodrich, Michael T and Tamassia, Roberto and Goldwasser, Michael H},
	Date-Added = {2015-04-25 13:30:52 +0000},
	Date-Modified = {2015-04-25 13:30:52 +0000},
	Publisher = {Wiley Publishing},
	Title = {Data Structures and Algorithms in Java},
	Year = {2014}}

@misc{wiki-nrg,
	Author = {Wikipedia},
	Date-Added = {2015-03-12 10:41:43 +0000},
	Date-Modified = {2015-05-04 04:43:03 +0000},
	Howpublished = {\url{http://nn.wikipedia.org/wiki/Norsk_referansegrammatikk}},
	Lastchecked = {12.03.2015},
	Month = {Mai},
	Title = {Norsk referansegrammatikk},
	Year = {2013},
	Bdsk-Url-1 = {http://nn.wikipedia.org/wiki/Norsk_referansegrammatikk}}

@book{Russel2010,
	Author = {Russel, Stuart and Norvig, Peter},
	Date-Added = {2015-03-09 13:26:20 +0000},
	Date-Modified = {2015-03-09 13:28:54 +0000},
	Edition = {3.},
	Publisher = {Prentice Hall},
	Title = {Artificial Intelligence: A Modern Approach},
	Year = {2010}}

@misc{nohyphbx,
	Author = {Selberg, Ole Michael},
	Date-Added = {2015-03-02 17:09:24 +0000},
	Date-Modified = {2015-05-04 04:43:45 +0000},
	Howpublished = {\url{https://web.archive.org/web/20080514212329/http://home.c2i.net/omselberg/pub/nohyphbx_intro.htm}},
	Title = {nohyphbx.tex},
	Year = {2007}}

@inproceedings{sjobergh2004finding,
	Author = {Sj{\"o}bergh, Jonas and Kann, Viggo},
	Booktitle = {LREC},
	Date-Added = {2015-02-26 12:09:14 +0000},
	Date-Modified = {2015-02-26 12:09:14 +0000},
	Title = {Finding the Correct Interpretation of Swedish Compounds, a Statistical Approach.},
	Year = {2004}}

@misc{Simonsen2015,
	Author = {Simonsen, Dag F.},
	Date-Added = {2015-02-25 16:01:41 +0000},
	Date-Modified = {2015-02-25 16:07:18 +0000},
	Howpublished = {privat kommunikasjon},
	Month = {12},
	Title = {Epostkorrespondanse med seniorr{\aa}dgiver i Spr{\aa}kr{\aa}det},
	Year = {2014}}

@electronic{epost-orddeling,
	Author = {Eek, {\O}ystein},
	Date-Added = {2015-02-25 10:28:20 +0000},
	Date-Modified = {2015-02-25 10:29:18 +0000},
	Title = {Epost: Orddeling, Kunnskapsforlaget}}

@misc{ordnett-orddeling,
	Author = {Ordnett},
	Date-Added = {2015-02-25 09:46:50 +0000},
	Date-Modified = {2015-05-04 17:52:30 +0000},
	Howpublished = {\url{http://www.ordnett.no/spr\r{a}kverkt{\o}y/spr\r{a}kvett.orddeling}},
	Lastchecked = {25.02.2015},
	Title = {Orddeling},
	Bdsk-Url-1 = {http://www.ordnett.no/spr%C3%A5kverkt%C3%B8y/spr%C3%A5kvett.orddeling}}

@misc{bindebokstaver,
	Author = {Ordnett -- JE},
	Date-Added = {2015-02-24 18:08:31 +0000},
	Date-Modified = {2015-05-04 18:00:07 +0000},
	Howpublished = {\url{http://www.ordnett.no/spr\r{a}kverktoy/spr\r{a}kvett.bindebokstaver}},
	Lastchecked = {24.02.2015},
	Title = {Bindebokstaver},
	Bdsk-Url-1 = {http://www.ordnett.no/spr%C3%A5kverkt%C3%B8y/spr%C3%A5kvett.bindebokstaver}}

@book{faarlund1997norsk,
	Author = {Faarlund, Jan Terje and Lie, Svein and Vannebo, Kjell Ivar},
	Date-Added = {2015-02-24 10:27:55 +0000},
	Date-Modified = {2015-02-24 10:28:09 +0000},
	Edition = {4},
	Publisher = {Universitetsforlaget},
	Title = {Norsk referansegrammatikk},
	Year = {2006}}

@book{knuth1986texbook,
	Author = {Knuth, Donald Ervin and Bibby, Duane},
	Date-Added = {2015-02-17 17:28:55 +0000},
	Date-Modified = {2015-02-17 17:28:55 +0000},
	Publisher = {Addison-Wesley Reading, MA, USA},
	Title = {The texbook},
	Volume = {1993},
	Year = {1986}}

@phdthesis{thanh2000microtypographic,
	Author = {Th{\`a}nh, H{\`a}n Th},
	Date-Added = {2015-02-17 17:19:42 +0000},
	Date-Modified = {2015-02-18 12:31:46 +0000},
	School = {Masaryk University Brno},
	Title = {Microtypographic extensions to the \TeX{} typesetting system},
	Year = {2000}}

@book{liang1983word,
	Author = {Liang, Franklin Mark},
	Date-Added = {2015-02-17 17:18:28 +0000},
	Date-Modified = {2015-02-17 17:18:28 +0000},
	Publisher = {Department of Computer Science, Stanford University},
	Title = {Word hyphenation by computer},
	Year = {1983}}

@misc{smrvz1996word,
	Author = {Smr{\v{z}}, Pavel and Sojka, Petr and others},
	Date-Added = {2015-02-17 17:16:35 +0000},
	Date-Modified = {2015-05-04 17:57:48 +0000},
	Howpublished = {\url{http://www.fi.muni.cz/reports/files/older/FIMURS-96-04.pdf}},
	Title = {Word Hy-phen-a-tion by Neural Networks},
	Year = {1996}}

@article{sojka1995notes,
	Author = {Sojka, Petr and others},
	Date-Added = {2015-02-17 17:15:10 +0000},
	Date-Modified = {2015-02-17 17:15:10 +0000},
	Journal = {TUGboat},
	Number = {3},
	Pages = {290--296},
	Title = {Notes on compound word hyphenation in TEX},
	Volume = {16},
	Year = {1995}}

@article{bungum2009automatic,
	Author = {Bungum, Lars and Oepen, Stephan},
	Date-Added = {2015-02-17 15:51:57 +0000},
	Date-Modified = {2015-02-17 15:51:57 +0000},
	Journal = {Proceedings of European Association for Machine Translation (EAMT-09)},
	Pages = {136--143},
	Title = {Automatic Translation of Norwegian Noun Compounds},
	Year = {2009}}

@inproceedings{johannessen1996automatic,
	Author = {Johannessen, Janne Bondi and Hauglin, Helge},
	Booktitle = {16th Scandinavian Conference of Linguistics},
	Date-Added = {2015-02-17 15:50:35 +0000},
	Date-Modified = {2015-02-17 15:50:35 +0000},
	Organization = {Citeseer},
	Title = {An automatic analysis of Norwegian compounds},
	Year = {1996}}

@article{thoresen1993virtuelle,
	Author = {Thoresen, Lars Gunnar},
	Date-Added = {2015-02-17 15:33:41 +0000},
	Date-Modified = {2015-02-17 15:33:41 +0000},
	Title = {Virtuelle fonter og norsk orddeling i LATEX},
	Year = {1993}}

@article{nemeth2006automatic,
	Author = {N{\'e}meth, L{\'a}szl{\'o}},
	Date-Added = {2015-02-17 15:30:40 +0000},
	Date-Modified = {2015-02-17 15:33:40 +0000},
	Journal = {TUGboat},
	Number = {1},
	Pages = {32--37},
	Title = {Automatic non-standard hyphenation in OpenOffice.org},
	Volume = {27},
	Year = {2006}}

@article{kristensen1998two,
	Author = {Kristensen, Terje and Langmyhr, Dag},
	Date-Added = {2015-02-17 15:15:25 +0000},
	Date-Modified = {2015-02-17 15:15:25 +0000},
	Title = {Two approaches to hyphenating Norwegian},
	Year = {1998}}

@article{1779762009,
	Author = {Studentnummer 177976},
	Date-Added = {2015-02-16 19:22:04 +0000},
	Date-Modified = {2015-02-16 19:23:01 +0000},
	Title = {Ordsamansetjingsmaskinl{\ae}ring},
	Year = {2009}}

@article{knuth1981breaking,
	Author = {Knuth, Donald E and Plass, Michael F},
	Date-Added = {2015-02-16 19:04:43 +0000},
	Date-Modified = {2015-02-16 19:04:43 +0000},
	Journal = {Software: Practice and Experience},
	Number = {11},
	Pages = {1119--1184},
	Publisher = {Wiley Online Library},
	Title = {Breaking paragraphs into lines},
	Volume = {11},
	Year = {1981}}

@misc{skuldersurfing,
	Author = {Kurt Lekanger},
	Date-Added = {2015-02-11 11:19:00 +0000},
	Date-Modified = {2015-05-04 17:43:46 +0000},
	Howpublished = {\url{http://www.aftenposten.no/digital/article7866596.ece}},
	Month = {Januar},
	Title = {Skuldersurfer du?},
	Url = {http://www.aftenposten.no/digital/article7866596.ece},
	Urldate = {19.01.2015},
	Year = {2015},
	Bdsk-Url-1 = {http://www.aftenposten.no/digital/article7866596.ece}}

@book{vinje,
	Author = {Vinje, Finn-Erik},
	Date-Added = {2015-02-10 13:52:50 +0000},
	Date-Modified = {2015-02-23 18:51:12 +0000},
	Publisher = {Aschehoug},
	Title = {Skriveregler},
	Year = {2009}}

@article{TeX-quo-vadis,
	Author = {Sojka, Petr, $\check{S}$eve$\check{c}$ek, Pavel},
	Date-Added = {2015-02-10 13:14:12 +0000},
	Date-Modified = {2015-05-01 04:46:10 +0000},
	Journal = {TUGboat},
	Number = {3},
	Pages = {280-289},
	Title = {Hyphenation in \TeX{}---Quo Vadis?},
	Volume = {16},
	Year = {1995}}

@article{microtypography-pdflatex,
	Author = {Th{\'e} Th{\`a}nh, H{\`a}n},
	Date-Added = {2015-02-10 13:11:23 +0000},
	Date-Modified = {2015-02-10 13:12:55 +0000},
	Journal = {TUGboat},
	Number = {3},
	Pages = {146-148},
	Title = {Margin Kerning and Font Expansion with pdfTeX},
	Volume = {22},
	Year = {2001}}

@article{omega,
	Author = {Harlambous, Yannis},
	Date-Added = {2015-02-10 12:53:30 +0000},
	Date-Modified = {2015-02-18 17:01:29 +0000},
	Journal = {TUGboat},
	Number = {1},
	Pages = {98-103},
	Title = {New hyphenation techniques in Omega},
	Volume = {27},
	Year = {2006}}

@comment{BibDesk URL Groups{
<?xml version="1.0" encoding="UTF-8"?>
<!DOCTYPE plist PUBLIC "-//Apple//DTD PLIST 1.0//EN" "http://www.apple.com/DTDs/PropertyList-1.0.dtd">
<plist version="1.0">
<array>
	<dict>
		<key>URL</key>
		<string>file://localhost/Users/eivindml/Documents/Skoleoppgaver/UiO/ENT4505/bibliography.bib</string>
		<key>group name</key>
		<string>bibliography.bib</string>
	</dict>
</array>
</plist>
}}
